<record><leader>02604cam a2200517 i 4500</leader><controlfield tag="001">6803533</controlfield><controlfield tag="003">OCoLC</controlfield><controlfield tag="005">20150121100219.0</controlfield><controlfield tag="008">130925t20152015maua     b    001 0 eng  </controlfield><datafield ind1=" " ind2=" " tag="010"><subfield code="a">  2013039072</subfield></datafield><datafield ind1="7" ind2=" " tag="016"><subfield code="a">101617838</subfield><subfield code="2">DNLM</subfield></datafield><datafield ind1=" " ind2=" " tag="020"><subfield code="a">9781284045284</subfield><subfield code="q">pbk. with access code</subfield></datafield><datafield ind1=" " ind2=" " tag="020"><subfield code="a">1284045285</subfield><subfield code="q">pbk. with access code</subfield></datafield><datafield ind1=" " ind2=" " tag="020"><subfield code="a">1284040844</subfield><subfield code="q">pbk. with access code</subfield></datafield><datafield ind1=" " ind2=" " tag="020"><subfield code="a">9781284040845</subfield><subfield code="q">pbk.</subfield></datafield><datafield ind1=" " ind2=" " tag="020"><subfield code="a">1284040844</subfield><subfield code="q">pbk.</subfield></datafield><datafield ind1=" " ind2=" " tag="020"><subfield code="a">9781284074611</subfield><subfield code="q">enhanced</subfield></datafield><datafield ind1=" " ind2=" " tag="020"><subfield code="a">1284074617</subfield><subfield code="q">enhanced</subfield></datafield><datafield ind1=" " ind2=" " tag="035"><subfield code="a">ocn859168734</subfield></datafield><datafield ind1=" " ind2=" " tag="040"><subfield code="a">DNLM/DLC</subfield><subfield code="b">eng</subfield><subfield code="e">rda</subfield><subfield code="c">DLC</subfield><subfield code="d">YDX</subfield><subfield code="d">NLM</subfield><subfield code="d">YDXCP</subfield><subfield code="d">IXA</subfield><subfield code="d">OCLCF</subfield><subfield code="d">WAU</subfield><subfield code="d">OCLCQ</subfield><subfield code="d">UAB</subfield><subfield code="d">AEU</subfield></datafield><datafield ind1=" " ind2=" " tag="042"><subfield code="a">pcc</subfield></datafield><datafield ind1="0" ind2="0" tag="050"><subfield code="a">RA425</subfield><subfield code="b">.R55 2015</subfield></datafield><datafield ind1="0" ind2="0" tag="060"><subfield code="a">2014 F-402</subfield></datafield><datafield ind1="1" ind2="0" tag="060"><subfield code="a">WA 100</subfield></datafield><datafield ind1="0" ind2="0" tag="082"><subfield code="a">362.1</subfield><subfield code="2">23</subfield></datafield><datafield ind1=" " ind2=" " tag="090"><subfield code="a">RA 425 R55 2015</subfield><subfield code="b">AEU</subfield></datafield><datafield ind1="1" ind2=" " tag="100"><subfield code="a">Riegelman, Richard K.,</subfield><subfield code="e">author.</subfield></datafield><datafield ind1="1" ind2="0" tag="245"><subfield code="a">Public health 101 :</subfield><subfield code="b">healthy people--healthy populations /</subfield><subfield code="c">Richard Riegelman, MD, MPH, PhD (Professor and Founding Dean, the George Washington University School of Public Health and Health Services, Washington, DC), Brenda Kirkwood, MPH, DrPH (University at Albany, State University of New York, School of Public Health, Albany, NY).</subfield></datafield><datafield ind1="3" ind2=" " tag="246"><subfield code="a">Public health one hundred one</subfield></datafield><datafield ind1=" " ind2=" " tag="250"><subfield code="a">Enhanced second edition.</subfield></datafield><datafield ind1=" " ind2="1" tag="264"><subfield code="a">Burlington, MA :</subfield><subfield code="b">Jones &amp; Bartlett Learning,</subfield><subfield code="c">[2015]</subfield></datafield><datafield ind1=" " ind2="4" tag="264"><subfield code="c">&#169;2015</subfield></datafield><datafield ind1=" " ind2=" " tag="300"><subfield code="a">xx, 320 pages :</subfield><subfield code="b">illustrations ;</subfield><subfield code="c">28 cm.</subfield></datafield><datafield ind1=" " ind2=" " tag="336"><subfield code="a">text</subfield><subfield code="b">txt</subfield><subfield code="2">rdacontent</subfield></datafield><datafield ind1=" " ind2=" " tag="337"><subfield code="a">unmediated</subfield><subfield code="b">n</subfield><subfield code="2">rdamedia</subfield></datafield><datafield ind1=" " ind2=" " tag="338"><subfield code="a">volume</subfield><subfield code="b">nc</subfield><subfield code="2">rdacarrier</subfield></datafield><datafield ind1="1" ind2=" " tag="490"><subfield code="a">Essential public health</subfield></datafield><datafield ind1=" " ind2=" " tag="504"><subfield code="a">Includes bibliographical references and index.</subfield></datafield><datafield ind1="0" ind2=" " tag="505"><subfield code="a">Public health: the population health approach -- Evidence-based public health -- Public health data and communications -- Social and behavioral sciences and public health -- Health law, policy, and ethics -- Non-communicable diseases -- Communicable diseases -- Environmental health and safety -- Health professionals and the health workforce -- Healthcare institutions -- Health insurance and healthcare systems -- Public health institutions and systems -- Food and drugs as public health issues -- From single solutions to systems thinking : the future of population health.</subfield></datafield><datafield ind1=" " ind2=" " tag="596"><subfield code="a">42</subfield></datafield><datafield ind1=" " ind2="0" tag="650"><subfield code="a">Public health</subfield><subfield code="v">Textbooks.</subfield></datafield><datafield ind1="1" ind2="2" tag="650"><subfield code="a">Public Health.</subfield></datafield><datafield ind1="1" ind2=" " tag="700"><subfield code="a">Kirkwood, Brenda,</subfield><subfield code="e">author.</subfield></datafield><datafield ind1=" " ind2="0" tag="830"><subfield code="a">Essential public health.</subfield></datafield><datafield ind1=" " ind2=" " tag="949"><subfield code="a">RA 425 R55 2015</subfield><subfield code="c">1</subfield><subfield code="h">UAHL-B</subfield><subfield code="i">0162035232428</subfield></datafield><datafield ind1=" " ind2=" " tag="926"><subfield code="a">RA 425 R55 2015</subfield><subfield code="w">LC</subfield><subfield code="c">1</subfield><subfield code="i">0162035232428</subfield><subfield code="d">5/11/2016</subfield><subfield code="e">3/4/2016</subfield><subfield code="l">ON_SHELF</subfield><subfield code="m">UAHLTHSC</subfield><subfield code="n">1</subfield><subfield code="p">$150.00</subfield><subfield code="r">Y</subfield><subfield code="s">Y</subfield><subfield code="t">BOOK</subfield><subfield code="u">2/11/2015</subfield></datafield></record>